@inproceedings{yan2009supply,
  title={Supply chain information transmission based on RFID and internet of things},
  author={Yan, Bo and Huang, Guangwen},
  booktitle={Computing, Communication, Control, and Management, 2009. CCCM 2009. ISECS International Colloquium on},
  volume={4},
  pages={166--169},
  year={2009},
  organization={IEEE}
}

@article{lancioni2000role,
  title={The role of the Internet in supply chain management},
  author={Lancioni, Richard A and Smith, Michael F and Oliva, Terence A},
  journal={Industrial Marketing Management},
  volume={29},
  number={1},
  pages={45--56},
  year={2000},
  publisher={Elsevier}
}
@inproceedings{lou2011agile,
  title={Agile supply chain management over the internet of things},
  author={Lou, Ping and Liu, Quan and Zhou, Zude and Wang, Huaiqing},
  booktitle={Management and Service Science (MASS), 2011 International Conference on},
  pages={1--4},
  year={2011},
  organization={IEEE}
}

@misc{wiki,
    title     = {{EPCglobal Network}},
    howpublished      = "\url{https://en.wikipedia.org/wiki/EPCglobal_Network}",
}
@misc{is,
    title     = {{Industry 4.0 or Industrial Internet of Things—What’s Your Preference?}},
    howpublished      = "\url{https://www.automationworld.com/industry-40-or-industrial-internet-things-whats-your-preference}",
}
@misc{scm,
    title     = {{supply chain management (SCM)}},
    howpublished      = "\url{https://searcherp.techtarget.com/definition/supply-chain-management-SCM}",
}

